@Misc{misc_heart_disease_45,
  author       = {Andras Janosi and William Steinbrunn. and Matthias Pfisterer and Robert Detrano},
  howpublished = {UCI Machine Learning Repository},
  title        = {{Heart Disease}},
  year         = {1988},
}

@Comment{jabref-meta: databaseType:bibtex;}
