@online{statistischesbundesamt2022,
  type = {Text},
  title = {Gestorbene: Deutschland, Jahre, Todesursachen, Geschlecht},
  author = {{Statistisches Bundesamt}},
  year = {2020},
  url = {www-genesis.destatis.de/genesis/online?sequenz=tabelleErgebnis&selectionname=23631-0002},
  urldate = {2022-10-10},
  abstract = {GENESIS-Online ist eine Datenbank, die tief gegliederte Ergebnisse der amtlichen Statistik enthält. Sie wird kontinuierlich ausgebaut. Der Tabellenabruf erfolgt unentgeltlich und kann variabel auf den individuellen Bedarf angepasst werden. Die Abspeicherung der Ergebnisse ist in verschiedenen Formaten möglich.},
  langid = {ngerman},
}

@misc{janosi1988,
  title = {{{UCI Machine Learning Repository}}: {{Heart Disease Data Set}}},
  author = {Janosi, Andras and Steinbrunn, William and Pfisterer, Matthias and Detrano, Robert},
  year = {1988},
  publisher = {{University of California, Irvine}},
  url = {https://archive.ics.uci.edu/ml/datasets/Heart+Disease},
  urldate = {2022-10-10},
  file = {/Users/cookiie/Zotero/storage/HDKSUQ2H/Heart+Disease.html}
}


